75600000         255960736000101                    04411 000000013021  COMPANHIA DE BEBIDAS IPIRANGA BANCO COOPERATIVO DO BRASIL S/          12904200914571302472208100000                                                                     
75600011R01  040 2055960736000101                    04411 0000000013021 COMPANHIA DE BEBIDAS IPIRANGA                                                                                 000247222904200900000000                                 
7560001300001P 0104411 0000000013021 0000000000000000000010 2 110381001      1206200900000000001347500000 99N17012009112062009000000000000040000000000000000000000000000000000000000000000000000000000101410070001396132009 3002000090000000000 
7560001300002Q 012051822831000180ARBERISA-ASSOC.REC.BENEF.EMP.BEB.IP     RECREIO DAS ACACIAS S/N                 REC.DAS ACACIAS14098000RIBEIRAO PRETO SP0000000000000000                                        000                            
75600015         00000400000100000000000013475000000000000000000000000000000000000000000000000000000000000000000000                                                                                                                             
75699999         000001000006000000                                                                                                                                                                                                             