00100000         204529074000170                    0035220000000485381 SICOOB CASCAVEL               BANCO DO BRASIL S.A.                    11407200600000000000003000000                                                      000            
00100011R0100020 2004529074000170001266094001417027  0035220000000485381 SICOOB CASCAVEL                                                                                               000000021407200600000000                                 
0010001300001P 010035220000000485381 12660940000002387   1111100012345       2408200600000000010000000000002N140720063000000000000000000000000000000000000000000000000000000000000000000000000000002387                     3002000090000000000 
0010001300002Q 011000004721726970TESTE                                   RUA GAIVOTAS, 168                                      85814070CASCAVEL       PR1000004721726970RENATO TONIASSO DE GOIS                 00000000000000000000000        
0010001300003R 01000000000000000000000000000000000000000000000000000000000000000000000000                                                                                          0000000000000000000000000000000000000000000000000000000000000
00100015         0000050000000000000000000000000000000000000000000000000000000000000000000000000000000000000000000000000000                                                                                                                     
00199999         000001000007000000                                                                                                                                                                                                             
