00100000         2024665520001150012660900014       0035220000000484504 COOP CRED MUT MIC PEQ EMPRES EBANCO DO BRASIL                         22209200601431400013103000000906883573PROCESSAMEN                                                 
00100011T0100020 20024665520001150012660900014       0035220000000484504 COOP CRED MUT MIC PEQ EMPRES E                                                                                000000002209200600000000  000000000                      
0010001300001T 280035220000000484504 12660900000003010   701             140920060000000001327000010061653010                     0900000000000000000000000000000000000000000000000000000   000000000000000000000000008        170271266090     
0010001300002U 280000000000000000000000000000000000000000000000000000000000000000000000000000000000000000000000000000015480000000000000002209200600000000            000000000000000                              000                           
0010001300003T 230035220000000484504 12660900000002752   73257/01-02     150920060000000000247380010132422752                     0900000000000000000000000000000000000000000000000000000   000000000000000000000033000        170271266090     
0010001300004U 230000000000000000000000000000000000000000000000000000000000000000000000000000000000000000000000000000000000000000000000002209200600000000            000000000000000                              000                           
0010001300005T 230035220000000484504 12660900000003010   701             140920060000000001327000010061653010                     0900000000000000000000000000000000000000000000000000000   000000000000000000000033000        170271266090     
0010001300006U 230000000000000000000000000000000000000000000000000000000000000000000000000000000000000000000000000000000000000000000000002209200600000000            000000000000000                              000                           
0010001300007T 030035220000000484504 00000006010025494   12118/1-682     1210200600000000003235000100000 10025494                 0900000000000000000000000000000000000000000000000000000   000000000000000000000000010        000001266090     
0010001300008U 030000000000000000000000000000000000000000000000000000000000000000000000000000000000000000000000000000000000000000000000002209200600000000            000000000000000                              000                           
0010001300009T 030035220000000484504 00000006010025495   12118/2-683     1211200600000000003230000100000 10025495                 0900000000000000000000000000000000000000000000000000000   000000000000000000000000010        000001266090     
0010001300010U 030000000000000000000000000000000000000000000000000000000000000000000000000000000000000000000000000000000000000000000000002209200600000000            000000000000000                              000                           
0010001300011T 030035220000000484504 00000006010025496   12118/3-684     1212200600000000003230000100000 10025496                 0900000000000000000000000000000000000000000000000000000   000000000000000000000000010        000001266090     
0010001300012U 030000000000000000000000000000000000000000000000000000000000000000000000000000000000000000000000000000000000000000000000002209200600000000            000000000000000                              000                           
0010001300013T 030035220000000484504 00000006010025497   12120/1-685     1410200600000000004672000100000 10025497                 0900000000000000000000000000000000000000000000000000000   000000000000000000000000010        000001266090     
0010001300014U 030000000000000000000000000000000000000000000000000000000000000000000000000000000000000000000000000000000000000000000000002209200600000000            000000000000000                              000                           
0010001300015T 030035220000000484504 00000006010025498   12120/2-686     1411200600000000004672000100000 10025498                 0900000000000000000000000000000000000000000000000000000   000000000000000000000000010        000001266090     
0010001300016U 030000000000000000000000000000000000000000000000000000000000000000000000000000000000000000000000000000000000000000000000002209200600000000            000000000000000                              000                           
0010001300017T 030035220000000484504 00000006010025499   12120/3-687     1412200600000000004672000100000 10025499                 0900000000000000000000000000000000000000000000000000000   000000000000000000000000010        000001266090     
0010001300018U 030000000000000000000000000000000000000000000000000000000000000000000000000000000000000000000000000000000000000000000000002209200600000000            000000000000000                              000                           
0010001300019T 030035220000000484504 12660900000003317   12183/1-531     1010200600000000003260000100000 3317                     0900000000000000000000000000000000000000000000000000000   000000000000000000000000010        000001266090     
0010001300020U 030000000000000000000000000000000000000000000000000000000000000000000000000000000000000000000000000000000000000000000000002209200600000000            000000000000000                              000                           
0010001300021T 030035220000000484504 12660900000003318   12183/-2-53     1011200600000000003260000100000 3318                     0900000000000000000000000000000000000000000000000000000   000000000000000000000000010        000001266090     
0010001300022U 030000000000000000000000000000000000000000000000000000000000000000000000000000000000000000000000000000000000000000000000002209200600000000            000000000000000                              000                           
0010001300023T 030035220000000484504 12660900000003319   12251/2300-     1510200600000000003669000100000 3319                     0900000000000000000000000000000000000000000000000000000   000000000000000000000000010        000001266090     
0010001300024U 030000000000000000000000000000000000000000000000000000000000000000000000000000000000000000000000000000000000000000000000002209200600000000            000000000000000                              000                           
0010001300025T 030035220000000484504 12660900000003320   12251/2300-     1511200600000000003669000100000 3320                     0900000000000000000000000000000000000000000000000000000   000000000000000000000000010        000001266090     
0010001300026U 030000000000000000000000000000000000000000000000000000000000000000000000000000000000000000000000000000000000000000000000002209200600000000            000000000000000                              000                           
0010001300027T 030035220000000484504 12660900000003321   12251/2300-     1512200600000000003669000100000 3321                     0900000000000000000000000000000000000000000000000000000   000000000000000000000000010        000001266090     
0010001300028U 030000000000000000000000000000000000000000000000000000000000000000000000000000000000000000000000000000000000000000000000002209200600000000            000000000000000                              000                           
0010001300029T 030035220000000484504 12660900000003322   12251/2300-     2912200600000000003669000100000 3322                     0900000000000000000000000000000000000000000000000000000   000000000000000000000000010        000001266090     
0010001300030U 030000000000000000000000000000000000000000000000000000000000000000000000000000000000000000000000000000000000000000000000002209200600000000            000000000000000                              000                           
0010001300031T 030035220000000484504 12660900000003323   12299/1-573     1410200600000000001580000100000 3323                     0900000000000000000000000000000000000000000000000000000   000000000000000000000000010        000001266090     
0010001300032U 030000000000000000000000000000000000000000000000000000000000000000000000000000000000000000000000000000000000000000000000002209200600000000            000000000000000                              000                           
0010001300033T 030035220000000484504 12660900000003324   12299/2-574     1411200600000000001580000100000 3324                     0900000000000000000000000000000000000000000000000000000   000000000000000000000000010        000001266090     
0010001300034U 030000000000000000000000000000000000000000000000000000000000000000000000000000000000000000000000000000000000000000000000002209200600000000            000000000000000                              000                           
0010001300035T 030035220000000484504 12660900000003325   12299/3-575     1412200600000000001580000100000 3325                     0900000000000000000000000000000000000000000000000000000   000000000000000000000000010        000001266090     
0010001300036U 030000000000000000000000000000000000000000000000000000000000000000000000000000000000000000000000000000000000000000000000002209200600000000            000000000000000                              000                           
00100015         000038000241000000000098089760000000000000000000000000000000000000000000000000000000000000000000000000000000000000000000000000000                                                                                              
00199999         000001000040000000                                                                                                                                                            00000000000000000000000000000                    
