02RETORNO01COBRANCA       00000000000000270976COOPERATIVA DE CREDITO DO EMPR237BRADESCO       0310060160000000266                                                                                                                                                                                                                                                                          041006         000001
102071943130001770000009035090165332660100352414393           0000000006010035241400000000000000000000000009020310061P-2872/0400000000060100352414090207000000002378223703509  000000000018500000000000000000000000000000000000000000000000000000000000000000000000000000000000000000000000000000000                          0000000000                                                                  000002
102071943130001770000009035090165332660100352424393           0000000006010035242200000000000000000000000009020310061P-2872/0300000000060100352422100107000000002378223703509  000000000018500000000000000000000000000000000000000000000000000000000000000000000000000000000000000000000000000000000                          0000000000                                                                  000003
102071943130001770000009035090165332660100352434393           0000000006010035243000000000000000000000000009020310061P-2872/0200000000060100352430111206000000002378223703509  000000000018500000000000000000000000000000000000000000000000000000000000000000000000000000000000000000000000000000000                          0000000000                                                                  000004
102071943130001770000009035090165332660100352444393           0000000006010035244900000000000000000000000009020310061P-2872/0100000000060100352449131106000000002378223703509  000000000018500000000000000000000000000000000000000000000000000000000000000000000000000000000000000000000000000000000                          0000000000                                                                  000005
102071943130001770000009035090165332660100352454393           0000000006010035245700000000000000000000000009020310061P-2872/D 00000000060100352457090207000000002265023703509  000000000018500000000000000000000000000000000000000000000000000000000000000000000000000000000000000000000000000000000                          0000000000                                                                  000006
102071943130001770000009035090165332660100352464393           0000000006010035246500000000000000000000000009020310061P-2872/C 00000000060100352465100107000000002265023703509  000000000018500000000000000000000000000000000000000000000000000000000000000000000000000000000000000000000000000000000                          0000000000                                                                  000007
102071943130001770000009035090165332660100352474393           0000000006010035247300000000000000000000000009020310061P-2872/B 00000000060100352473111206000000002265023703509  000000000018500000000000000000000000000000000000000000000000000000000000000000000000000000000000000000000000000000000                          0000000000                                                                  000008
102071943130001770000009035090165332660100352484393           0000000006010035248100000000000000000000000009020310061P-2872/A 00000000060100352481131106000000002265023703509  000000000018500000000000000000000000000000000000000000000000000000000000000000000000000000000000000000000000000000000                          0000000000                                                                  000009
102071943130001770000009035090165332660100352494393           0000000006010035249P00000000000000000000000009020310061P-2871/040000000006010035249P090207000000002378223703509  000000000018500000000000000000000000000000000000000000000000000000000000000000000000000000000000000000000000000000000                          0000000000                                                                  000010
102071943130001770000009035090165332660100352504393           0000000006010035250300000000000000000000000009020310061P-2871/0300000000060100352503100107000000002378223703509  000000000018500000000000000000000000000000000000000000000000000000000000000000000000000000000000000000000000000000000                          0000000000                                                                  000011
102071943130001770000009035090165332660100352514393           0000000006010035251100000000000000000000000009020310061P-2871/0200000000060100352511111207000000002378223703509  000000000018500000000000000000000000000000000000000000000000000000000000000000000000000000000000000000000000000000000                          0000000000                                                                  000012
102071943130001770000009035090165332660100352524393           0000000006010035252P00000000000000000000000009020310061P-2871/010000000006010035252P131106000000002378223703509  000000000018500000000000000000000000000000000000000000000000000000000000000000000000000000000000000000000000000000000                          0000000000                                                                  000013
102071943130001770000009035090165332660100352534393           0000000006010035253800000000000000000000000009020310061P-2871/D 00000000060100352538090207000000002265023703509  000000000018500000000000000000000000000000000000000000000000000000000000000000000000000000000000000000000000000000000                          0000000000                                                                  000014
102071943130001770000009035090165332660100352544393           0000000006010035254600000000000000000000000009020310061P-2871/C 00000000060100352546100107000000002265023703509  000000000018500000000000000000000000000000000000000000000000000000000000000000000000000000000000000000000000000000000                          0000000000                                                                  000015
102071943130001770000009035090165332660100352554393           0000000006010035255400000000000000000000000009020310061P-2871/B 00000000060100352554111206000000002265023703509  000000000018500000000000000000000000000000000000000000000000000000000000000000000000000000000000000000000000000000000                          0000000000                                                                  000016
102071943130001770000009035090165332660100352564393           0000000006010035256200000000000000000000000009020310061P-2871/A 00000000060100352562131106000000002265023703509  000000000018500000000000000000000000000000000000000000000000000000000000000000000000000000000000000000000000000000000                          0000000000                                                                  000017
102071943130001770000009035090165332660100352574393           0000000006010035257000000000000000000000000009020310061P-2870/0400000000060100352570090207000000004944223702159  000000000018500000000000000000000000000000000000000000000000000000000000000000000000000000000000000000000000000000000                          0000000000                                                                  000018
102071943130001770000009035090165332660100352584393           0000000006010035258900000000000000000000000009020310061P-2870/0300000000060100352589100107000000004944223702159  000000000018500000000000000000000000000000000000000000000000000000000000000000000000000000000000000000000000000000000                          0000000000                                                                  000019
102071943130001770000009035090165332660100352594393           0000000006010035259700000000000000000000000009020310061P-2870/0200000000060100352597111206000000004944223702159  000000000018500000000000000000000000000000000000000000000000000000000000000000000000000000000000000000000000000000000                          0000000000                                                                  000020
102071943130001770000009035090165332660100352604393           0000000006010035260000000000000000000000000009020310061P-2870/0100000000060100352600131106000000004944223702159  000000000018500000000000000000000000000000000000000000000000000000000000000000000000000000000000000000000000000000000                          0000000000                                                                  000021
102071943130001770000009035090165332660100352614393           0000000006010035261900000000000000000000000009020310061P-2870/D 00000000060100352619090207000000004708723702159  000000000018500000000000000000000000000000000000000000000000000000000000000000000000000000000000000000000000000000000                          0000000000                                                                  000022
102071943130001770000009035090165332660100352624393           0000000006010035262700000000000000000000000009020310061P-2870/C 00000000060100352627100107000000004708723702159  000000000018500000000000000000000000000000000000000000000000000000000000000000000000000000000000000000000000000000000                          0000000000                                                                  000023
102071943130001770000009035090165332660100352634393           0000000006010035263500000000000000000000000009020310061P-2870/B 00000000060100352635111206000000004708723702159  000000000018500000000000000000000000000000000000000000000000000000000000000000000000000000000000000000000000000000000                          0000000000                                                                  000024
102071943130001770000009035090165332660100352644393           0000000006010035264300000000000000000000000009020310061P-2870/A 00000000060100352643131106000000004708923702159  000000000018500000000000000000000000000000000000000000000000000000000000000000000000000000000000000000000000000000000                          0000000000                                                                  000025
102071943130001770000009035090165332660100352654393           0000000006010035265100000000000000000000000009020310061P-2869/0100000000060100352651271106000000000782223704151  000000000018500000000000000000000000000000000000000000000000000000000000000000000000000000000000000000000000000000000                          0000000000                                                                  000026
102071943130001770000009035090165332660100352664393           0000000006010035266P00000000000000000000000009020310061P-2869/A 0000000006010035266P271106000000000745023704151  000000000018500000000000000000000000000000000000000000000000000000000000000000000000000000000000000000000000000000000                          0000000000                                                                  000027
102071943130001770000009035090165332660100352674393           0000000006010035267800000000000000000000000009020310061P-2868/A 00000000060100352678061106000000001995023704151  000000000018500000000000000000000000000000000000000000000000000000000000000000000000000000000000000000000000000000000                          0000000000                                                                  000028
102071943130001770000009035090165332660100352684393           0000000006010035268600000000000000000000000009020310061P-2868/0100000000060100352686061106000000002094823704151  000000000018500000000000000000000000000000000000000000000000000000000000000000000000000000000000000000000000000000000                          0000000000                                                                  000029
102071943130001770000009035090165332660100352694393           0000000006010035269400000000000000000000000009020310061P-2867/0200000000060100352694061206000000001517323704151  000000000018500000000000000000000000000000000000000000000000000000000000000000000000000000000000000000000000000000000                          0000000000                                                                  000030
102071943130001770000009035090165332660100352704393           000000000601003527080000000000000000000000000902031006445/03    00000000060100352708271106000000025830023704421  000000000018500000000000000000000000000000000000000000000000000000000000000000000000000000000000000000000000000000000                          0000000000                                                                  000031
102071943130001770000009035090165332660100352714393           0000000006010035271600000000000000000000000009020310061P-2867/0100000000060100352716061106000000001517323704151  000000000018500000000000000000000000000000000000000000000000000000000000000000000000000000000000000000000000000000000                          0000000000                                                                  000032
102071943130001770000009035090165332660100352724393           0000000006010035272400000000000000000000000009020310061P-2867/B 00000000060100352724061206000000001445023704151  000000000018500000000000000000000000000000000000000000000000000000000000000000000000000000000000000000000000000000000                          0000000000                                                                  000033
102071943130001770000009035090165332660100352734393           0000000006010035273200000000000000000000000009020310061P-2867/A 00000000060100352732061106000000001445023704151  000000000018500000000000000000000000000000000000000000000000000000000000000000000000000000000000000000000000000000000                          0000000000                                                                  000034
102071943130001770000009035090165332660100352744393           0000000006010035274000000000000000000000000009020310061P-2865/0300000000060100352740100107000000003594323703509  000000000018500000000000000000000000000000000000000000000000000000000000000000000000000000000000000000000000000000000                          0000000000                                                                  000035
102071943130001770000009035090165332660100352754393           0000000006010035275900000000000000000000000009020310061P-2865/0200000000060100352759111206000000003594323703509  000000000018500000000000000000000000000000000000000000000000000000000000000000000000000000000000000000000000000000000                          0000000000                                                                  000036
102071943130001770000009035090165332660100352764393           0000000006010035276700000000000000000000000009020310061P-2865/0100000000060100352767131106000000003594423703509  000000000018500000000000000000000000000000000000000000000000000000000000000000000000000000000000000000000000000000000                          0000000000                                                                  000037
102071943130001770000009035090165332660100352774393           0000000006010035277500000000000000000000000009020310061P-2865/C 00000000060100352775100107000000003423323703509  000000000018500000000000000000000000000000000000000000000000000000000000000000000000000000000000000000000000000000000                          0000000000                                                                  000038
102071943130001770000009035090165332660100352784393           0000000006010035278300000000000000000000000009020310061P-2865/B 00000000060100352783111206000000003423323703509  000000000018500000000000000000000000000000000000000000000000000000000000000000000000000000000000000000000000000000000                          0000000000                                                                  000039
102071943130001770000009035090165332660100352794393           0000000006010035279100000000000000000000000009020310061P-2865/A 00000000060100352791131106000000003423423703509  000000000018500000000000000000000000000000000000000000000000000000000000000000000000000000000000000000000000000000000                          0000000000                                                                  000040
102071943130001770000009035090165332660100352804393           0000000006010035280500000000000000000000000009020310061P-2862/0300000000060100352805100107000000000295723701606  000000000018500000000000000000000000000000000000000000000000000000000000000000000000000000000000000000000000000000000                          0000000000                                                                  000041
102071943130001770000009035090165332660100352814393           0000000006010035281300000000000000000000000009020310061P-2862/0200000000060100352813111206000000000295723701606  000000000018500000000000000000000000000000000000000000000000000000000000000000000000000000000000000000000000000000000                          0000000000                                                                  000042
102071943130001770000009035090165332660100352824393           0000000006010035282100000000000000000000000009020310061P-2862/0100000000060100352821131106000000000295823701606  000000000018500000000000000000000000000000000000000000000000000000000000000000000000000000000000000000000000000000000                          0000000000                                                                  000043
102071943130001770000009035090165332660100352834393           0000000006010035283P00000000000000000000000009020310061P-2862/C 0000000006010035283P100107000000000281623701606  000000000018500000000000000000000000000000000000000000000000000000000000000000000000000000000000000000000000000000000                          0000000000                                                                  000044
102071943130001770000009035090165332660100352844393           0000000006010035284800000000000000000000000009020310061P-2862/B 00000000060100352848111206000000000281623701606  000000000018500000000000000000000000000000000000000000000000000000000000000000000000000000000000000000000000000000000                          0000000000                                                                  000045
102071943130001770000009035090165332660100352854393           0000000006010035285600000000000000000000000009020310061P-2862/A 00000000060100352856131106000000000281823701606  000000000018500000000000000000000000000000000000000000000000000000000000000000000000000000000000000000000000000000000                          0000000000                                                                  000046
102071943130001770000009035090165332660100352864393           0000000006010035286400000000000000000000000009020310061P-2842/0200000000060100352864111206000000003594323703509  000000000018500000000000000000000000000000000000000000000000000000000000000000000000000000000000000000000000000000000                          0000000000                                                                  000047
102071943130001770000009035090165332660100352874393           0000000006010035287200000000000000000000000009020310061P-2842/0100000000060100352872131106000000003594423703509  000000000018500000000000000000000000000000000000000000000000000000000000000000000000000000000000000000000000000000000                          0000000000                                                                  000048
102071943130001770000009035090165332660100352884393           0000000006010035288000000000000000000000000009020310061P-2842/C 00000000060100352880100107000000003423323703509  000000000018500000000000000000000000000000000000000000000000000000000000000000000000000000000000000000000000000000000                          0000000000                                                                  000049
102071943130001770000009035090165332660100352894393           0000000006010035289900000000000000000000000009020310061P-2842/B 00000000060100352899111206000000003423323703509  000000000018500000000000000000000000000000000000000000000000000000000000000000000000000000000000000000000000000000000                          0000000000                                                                  000050
102071943130001770000009035090165332660100352904393           0000000006010035290200000000000000000000000009020310061P-2842/A 00000000060100352902131106000000003423423703509  000000000018500000000000000000000000000000000000000000000000000000000000000000000000000000000000000000000000000000000                          0000000000                                                                  000051
102071943130001770000009035090165332660100352914393           0000000006010035291000000000000000000000000009020310061P-2841/0300000000060100352910100107000000002539223703509  000000000018500000000000000000000000000000000000000000000000000000000000000000000000000000000000000000000000000000000                          0000000000                                                                  000052
102071943130001770000009035090165332660100352924393           0000000006010035292900000000000000000000000009020310061P-2851/0300000000060100352929100107000000003447623703528  000000000018500000000000000000000000000000000000000000000000000000000000000000000000000000000000000000000000000000000                          0000000000                                                                  000053
102071943130001770000009035090165332660100352934393           0000000006010035293700000000000000000000000009020310061P-2851/0200000000060100352937111206000000003447623703528  000000000018500000000000000000000000000000000000000000000000000000000000000000000000000000000000000000000000000000000                          0000000000                                                                  000054
102071943130001770000009035090165332660100352944393           0000000006010035294500000000000000000000000009020310061P-2851/0100000000060100352945131106000000003447823703528  000000000018500000000000000000000000000000000000000000000000000000000000000000000000000000000000000000000000000000000                          0000000000                                                                  000055
102071943130001770000009035090165332660100352954393           0000000006010035295300000000000000000000000009020310061P-2851/C 00000000060100352953100107000000003283523703528  000000000018500000000000000000000000000000000000000000000000000000000000000000000000000000000000000000000000000000000                          0000000000                                                                  000056
102071943130001770000009035090165332660100352964393           0000000006010035296100000000000000000000000009020310061P-2851/B 00000000060100352961111206000000003283523703528  000000000018500000000000000000000000000000000000000000000000000000000000000000000000000000000000000000000000000000000                          0000000000                                                                  000057
102071943130001770000009035090165332660100352974393           0000000006010035297P00000000000000000000000009020310061P-2851/A 0000000006010035297P131106000000003283523703528  000000000018500000000000000000000000000000000000000000000000000000000000000000000000000000000000000000000000000000000                          0000000000                                                                  000058
102071943130001770000009035090165332660100352984393           0000000006010035298800000000000000000000000009020310061P-2850/0300000000060100352988020107000000001377023700025  000000000018500000000000000000000000000000000000000000000000000000000000000000000000000000000000000000000000000000000                          0000000000                                                                  000059
102071943130001770000009035090165332660100352994393           0000000006010035299600000000000000000000000009020310061P-2850/0200000000060100352996011206000000001377023700025  000000000018500000000000000000000000000000000000000000000000000000000000000000000000000000000000000000000000000000000                          0000000000                                                                  000060
102071943130001770000009035090165332660100353004393           0000000006010035300300000000000000000000000009020310061P-2850/0100000000060100353003011106000000001377123700025  000000000018500000000000000000000000000000000000000000000000000000000000000000000000000000000000000000000000000000000                          0000000000                                                                  000061
102071943130001770000009035090165332660100353014393           0000000006010035301100000000000000000000000009020310061P-2850/C 00000000060100353011020107000000001311523700025  000000000018500000000000000000000000000000000000000000000000000000000000000000000000000000000000000000000000000000000                          0000000000                                                                  000062
102071943130001770000009035090165332660100353024393           0000000006010035302P00000000000000000000000009020310061P-2850/B 0000000006010035302P011206000000001311523700025  000000000018500000000000000000000000000000000000000000000000000000000000000000000000000000000000000000000000000000000                          0000000000                                                                  000063
102071943130001770000009035090165332660100353034393           0000000006010035303800000000000000000000000009020310061P-2850/A 00000000060100353038011106000000001311623700025  000000000018500000000000000000000000000000000000000000000000000000000000000000000000000000000000000000000000000000000                          0000000000                                                                  000064
102071943130001770000009035090165332660100353044393           0000000006010035304600000000000000000000000009020310061P-2849/0200000000060100353046261206000000001197023700109  000000000018500000000000000000000000000000000000000000000000000000000000000000000000000000000000000000000000000000000                          0000000000                                                                  000065
102071943130001770000009035090165332660100353054393           0000000006010035305400000000000000000000000009020310061P-2849/0100000000060100353054271106000000001197023700109  000000000018500000000000000000000000000000000000000000000000000000000000000000000000000000000000000000000000000000000                          0000000000                                                                  000066
102071943130001770000009035090165332660100353064393           0000000006010035306200000000000000000000000009020310061P-2849/B 00000000060100353062261206000000001140023700109  000000000018500000000000000000000000000000000000000000000000000000000000000000000000000000000000000000000000000000000                          0000000000                                                                  000067
102071943130001770000009035090165332660100353074393           0000000006010035307000000000000000000000000009020310061P-2849/A 00000000060100353070271106000000001140023700109  000000000018500000000000000000000000000000000000000000000000000000000000000000000000000000000000000000000000000000000                          0000000000                                                                  000068
102071943130001770000009035090165332660100353084393           0000000006010035308900000000000000000000000009020310061P-2841/0200000000060100353089111206000000002539223703509  000000000018500000000000000000000000000000000000000000000000000000000000000000000000000000000000000000000000000000000                          0000000000                                                                  000069
102071943130001770000009035090165332660100353094393           0000000006010035309700000000000000000000000009020310061P-2841/0100000000060100353097131106000000002539323703509  000000000018500000000000000000000000000000000000000000000000000000000000000000000000000000000000000000000000000000000                          0000000000                                                                  000070
102071943130001770000009035090165332660100353104393           0000000006010035310000000000000000000000000009020310061P-2841/0C00000000060100353100100107000000002418323703509  000000000018500000000000000000000000000000000000000000000000000000000000000000000000000000000000000000000000000000000                          0000000000                                                                  000071
102071943130001770000009035090165332660100353114393           0000000006010035311900000000000000000000000009020310061P-2848/0300000000060100353119020107000000003423023700413  000000000018500000000000000000000000000000000000000000000000000000000000000000000000000000000000000000000000000000000                          0000000000                                                                  000072
102071943130001770000009035090165332660100353124393           0000000006010035312700000000000000000000000009020310061P-2848/0200000000060100353127011206000000003423023700413  000000000018500000000000000000000000000000000000000000000000000000000000000000000000000000000000000000000000000000000                          0000000000                                                                  000073
102071943130001770000009035090165332660100353134393           0000000006010035313500000000000000000000000009020310061P-2841/B 00000000060100353135111206000000002418323703509  000000000018500000000000000000000000000000000000000000000000000000000000000000000000000000000000000000000000000000000                          0000000000                                                                  000074
102071943130001770000009035090165332660100353144393           0000000006010035314300000000000000000000000009020310061P-2848/0100000000060100353143011106000000003423123700413  000000000018500000000000000000000000000000000000000000000000000000000000000000000000000000000000000000000000000000000                          0000000000                                                                  000075
102071943130001770000009035090165332660100353154393           0000000006010035315100000000000000000000000009020310061P-2848/C 00000000060100353151020107000000003260023700413  000000000018500000000000000000000000000000000000000000000000000000000000000000000000000000000000000000000000000000000                          0000000000                                                                  000076
102071943130001770000009035090165332660100353164393           0000000006010035316P00000000000000000000000009020310061P-2848/B 0000000006010035316P011206000000003260023700413  000000000018500000000000000000000000000000000000000000000000000000000000000000000000000000000000000000000000000000000                          0000000000                                                                  000077
102071943130001770000009035090165332660100353174393           0000000006010035317800000000000000000000000009020310061P-2848/A 00000000060100353178011106000000003260023700413  000000000018500000000000000000000000000000000000000000000000000000000000000000000000000000000000000000000000000000000                          0000000000                                                                  000078
102071943130001770000009035090165332660100353184393           0000000006010035318600000000000000000000000009020310061P-2847/0300000000060100353186100107000000005542323704151  000000000018500000000000000000000000000000000000000000000000000000000000000000000000000000000000000000000000000000000                          0000000000                                                                  000079
102071943130001770000009035090165332660100353194393           0000000006010035319400000000000000000000000009020310061P-2847/0200000000060100353194111206000000005542323704151  000000000018500000000000000000000000000000000000000000000000000000000000000000000000000000000000000000000000000000000                          0000000000                                                                  000080
102071943130001770000009035090165332660100353204393           0000000006010035320800000000000000000000000009020310061P-2847/0100000000060100353208131106000000005542323704151  000000000018500000000000000000000000000000000000000000000000000000000000000000000000000000000000000000000000000000000                          0000000000                                                                  000081
102071943130001770000009035090165332660100353214393           0000000006010035321600000000000000000000000009020310061P-2840/0300000000060100353216100107000000003543823701581  000000000018500000000000000000000000000000000000000000000000000000000000000000000000000000000000000000000000000000000                          0000000000                                                                  000082
102071943130001770000009035090165332660100353224393           0000000006010035322400000000000000000000000009020310061P-2840/0200000000060100353224111206000000003543823701581  000000000018500000000000000000000000000000000000000000000000000000000000000000000000000000000000000000000000000000000                          0000000000                                                                  000083
102071943130001770000009035090165332660100353234393           0000000006010035323200000000000000000000000009020310061P-2847/C 00000000060100353232100107000000005278323704151  000000000018500000000000000000000000000000000000000000000000000000000000000000000000000000000000000000000000000000000                          0000000000                                                                  000084
102071943130001770000009035090165332660100353244393           0000000006010035324000000000000000000000000009020310061P-2840/0100000000060100353240131106000000003543823701581  000000000018500000000000000000000000000000000000000000000000000000000000000000000000000000000000000000000000000000000                          0000000000                                                                  000085
102071943130001770000009035090165332660100353254393           0000000006010035325900000000000000000000000009020310061P-2840/C 00000000060100353259100107000000003375223701581  000000000018500000000000000000000000000000000000000000000000000000000000000000000000000000000000000000000000000000000                          0000000000                                                                  000086
102071943130001770000009035090165332660100353264393           0000000006010035326700000000000000000000000009020310061P-2847/B 00000000060100353267111206000000005278323704151  000000000018500000000000000000000000000000000000000000000000000000000000000000000000000000000000000000000000000000000                          0000000000                                                                  000087
102071943130001770000009035090165332660100353274393           0000000006010035327500000000000000000000000009020310061P-2840/B 00000000060100353275111206000000003375223701581  000000000018500000000000000000000000000000000000000000000000000000000000000000000000000000000000000000000000000000000                          0000000000                                                                  000088
102071943130001770000009035090165332660100353284393           0000000006010035328300000000000000000000000009020310061P-2840/A 00000000060100353283131106000000003375423701581  000000000018500000000000000000000000000000000000000000000000000000000000000000000000000000000000000000000000000000000                          0000000000                                                                  000089
102071943130001770000009035090165332660100353294393           0000000006010035329100000000000000000000000009020310061P-2847/A 00000000060100353291131106000000005278423704151  000000000018500000000000000000000000000000000000000000000000000000000000000000000000000000000000000000000000000000000                          0000000000                                                                  000090
102071943130001770000009035090165332660100353304393           0000000006010035330500000000000000000000000009020310061P-2846/0300000000060100353305100107000000001617023704151  000000000018500000000000000000000000000000000000000000000000000000000000000000000000000000000000000000000000000000000                          0000000000                                                                  000091
102071943130001770000009035090165332660100353314393           0000000006010035331300000000000000000000000009020310061P-2846/0200000000060100353313111206000000001617023704151  000000000018500000000000000000000000000000000000000000000000000000000000000000000000000000000000000000000000000000000                          0000000000                                                                  000092
102071943130001770000009035090165332660100353324393           0000000006010035332100000000000000000000000009020310061P-2846/0100000000060100353321131106000000001617123704151  000000000018500000000000000000000000000000000000000000000000000000000000000000000000000000000000000000000000000000000                          0000000000                                                                  000093
102071943130001770000009035090165332660100353334393           0000000006010035333P00000000000000000000000009020310061P-2846/C 0000000006010035333P100107000000001540023704151  000000000018500000000000000000000000000000000000000000000000000000000000000000000000000000000000000000000000000000000                          0000000000                                                                  000094
102071943130001770000009035090165332660100353344393           0000000006010035334800000000000000000000000009020310061P-2846/B 00000000060100353348111206000000001540023704151  000000000018500000000000000000000000000000000000000000000000000000000000000000000000000000000000000000000000000000000                          0000000000                                                                  000095
102071943130001770000009035090165332660100353354393           0000000006010035335600000000000000000000000009020310061P-2846/A 00000000060100353356131106000000001540023704151  000000000018500000000000000000000000000000000000000000000000000000000000000000000000000000000000000000000000000000000                          0000000000                                                                  000096
102071943130001770000009035090165332660100353364393           0000000006010035336400000000000000000000000009020310061P-2839/0300000000060100353364250107000000005169423703509  000000000018500000000000000000000000000000000000000000000000000000000000000000000000000000000000000000000000000000000                          0000000000                                                                  000097
102071943130001770000009035090165332660100353374393           0000000006010035337200000000000000000000000009020310061P-2839/0200000000060100353372261206000000005169423703509  000000000018500000000000000000000000000000000000000000000000000000000000000000000000000000000000000000000000000000000                          0000000000                                                                  000098
102071943130001770000009035090165332660100353384393           0000000006010035338000000000000000000000000009020310061P-2845/0300000000060100353380100107000000003993423704151  000000000018500000000000000000000000000000000000000000000000000000000000000000000000000000000000000000000000000000000                          0000000000                                                                  000099
102071943130001770000009035090165332660100353394393           0000000006010035339900000000000000000000000009020310061P-2839/0100000000060100353399271106000000005169623703509  000000000018500000000000000000000000000000000000000000000000000000000000000000000000000000000000000000000000000000000                          0000000000                                                                  000100
102071943130001770000009035090165332660100353404393           0000000006010035340200000000000000000000000009020310061P-2845/0200000000060100353402111206000000003993423704151  000000000018500000000000000000000000000000000000000000000000000000000000000000000000000000000000000000000000000000000                          0000000000                                                                  000101
102071943130001770000009035090165332660100353414393           0000000006010035341000000000000000000000000009020310061P-2839/C 00000000060100353410250107000000004923323703509  000000000018500000000000000000000000000000000000000000000000000000000000000000000000000000000000000000000000000000000                          0000000000                                                                  000102
102071943130001770000009035090165332660100353424393           0000000006010035342900000000000000000000000009020310061P-2845/0100000000060100353429131106000000003993623704151  000000000018500000000000000000000000000000000000000000000000000000000000000000000000000000000000000000000000000000000                          0000000000                                                                  000103
102071943130001770000009035090165332660100353434393           0000000006010035343700000000000000000000000009020310061P-2839/B 00000000060100353437261206000000004923323703509  000000000018500000000000000000000000000000000000000000000000000000000000000000000000000000000000000000000000000000000                          0000000000                                                                  000104
102071943130001770000009035090165332660100353444393           0000000006010035344500000000000000000000000009020310061P-2839/A 00000000060100353445271106000000004923423703509  000000000018500000000000000000000000000000000000000000000000000000000000000000000000000000000000000000000000000000000                          0000000000                                                                  000105
102071943130001770000009035090165332660100353454393           0000000006010035345300000000000000000000000009020310061P-2845/C 00000000060100353453100107000000003803323704151  000000000018500000000000000000000000000000000000000000000000000000000000000000000000000000000000000000000000000000000                          0000000000                                                                  000106
102071943130001770000009035090165332660100353464393           0000000006010035346100000000000000000000000009020310061P-2845/B 00000000060100353461111206000000003803323704151  000000000018500000000000000000000000000000000000000000000000000000000000000000000000000000000000000000000000000000000                          0000000000                                                                  000107
102071943130001770000009035090165332660100353474393           0000000006010035347P00000000000000000000000009020310061P-2845/A 0000000006010035347P131106000000003803423704151  000000000018500000000000000000000000000000000000000000000000000000000000000000000000000000000000000000000000000000000                          0000000000                                                                  000108
102071943130001770000009035090165332660100353484393           0000000006010035348800000000000000000000000009020310061P-2838/0400000000060100353488260207000000006040023703714  000000000018500000000000000000000000000000000000000000000000000000000000000000000000000000000000000000000000000000000                          0000000000                                                                  000109
102071943130001770000009035090165332660100353494393           0000000006010035349600000000000000000000000009020310061P-2838/0300000000060100353496250107000000006040023703714  000000000018500000000000000000000000000000000000000000000000000000000000000000000000000000000000000000000000000000000                          0000000000                                                                  000110
102071943130001770000009035090165332660100353504393           0000000006010035350P00000000000000000000000009020310061P-2838/020000000006010035350P261206000000006040023703714  000000000018500000000000000000000000000000000000000000000000000000000000000000000000000000000000000000000000000000000                          0000000000                                                                  000111
102071943130001770000009035090165332660100353514393           0000000006010035351800000000000000000000000009020310061P-2838/0100000000060100353518271106000000006040123703714  000000000018500000000000000000000000000000000000000000000000000000000000000000000000000000000000000000000000000000000                          0000000000                                                                  000112
102071943130001770000009035090165332660100353524393           0000000006010035352600000000000000000000000009020310061P-2838/D 00000000060100353526260207000000005752423703714  000000000018500000000000000000000000000000000000000000000000000000000000000000000000000000000000000000000000000000000                          0000000000                                                                  000113
102071943130001770000009035090165332660100353534393           0000000006010035353400000000000000000000000009020310061P-2838/C 00000000060100353534250107000000005752423703714  000000000018500000000000000000000000000000000000000000000000000000000000000000000000000000000000000000000000000000000                          0000000000                                                                  000114
102071943130001770000009035090165332660100353544393           0000000006010035354200000000000000000000000009020310061P-2838/B 00000000060100353542261206000000005752423703714  000000000018500000000000000000000000000000000000000000000000000000000000000000000000000000000000000000000000000000000                          0000000000                                                                  000115
102071943130001770000009035090165332660100353554393           0000000006010035355000000000000000000000000009020310061P-2838/A 00000000060100353550271106000000005752423703714  000000000018500000000000000000000000000000000000000000000000000000000000000000000000000000000000000000000000000000000                          0000000000                                                                  000116
102071943130001770000009035090165332660100353564393           0000000006010035356900000000000000000000000009020310061P-2837/0300000000060100353569250107000000007592723703714  000000000018500000000000000000000000000000000000000000000000000000000000000000000000000000000000000000000000000000000                          0000000000                                                                  000117
102071943130001770000009035090165332660100353574393           0000000006010035357700000000000000000000000009020310061P-2837/0200000000060100353577261206000000007592723703509  000000000018500000000000000000000000000000000000000000000000000000000000000000000000000000000000000000000000000000000                          0000000000                                                                  000118
102071943130001770000009035090165332660100353584393           0000000006010035358500000000000000000000000009020310061P-2837/0100000000060100353585271106000000007592923703509  000000000018500000000000000000000000000000000000000000000000000000000000000000000000000000000000000000000000000000000                          0000000000                                                                  000119
102071943130001770000009035090165332660100353594393           0000000006010035359300000000000000000000000009020310061P-2837/C 00000000060100353593250107000000007231223703509  000000000018500000000000000000000000000000000000000000000000000000000000000000000000000000000000000000000000000000000                          0000000000                                                                  000120
102071943130001770000009035090165332660100353604393           0000000006010035360700000000000000000000000009020310061P-2837/B 00000000060100353607261206000000007231223703509  000000000018500000000000000000000000000000000000000000000000000000000000000000000000000000000000000000000000000000000                          0000000000                                                                  000121
102071943130001770000009035090165332660100353614393           0000000006010035361500000000000000000000000009020310061P-2837/A 00000000060100353615271106000000007231223703509  000000000018500000000000000000000000000000000000000000000000000000000000000000000000000000000000000000000000000000000                          0000000000                                                                  000122
102071943130001770000009035090165332660100353624393           0000000006010035362300000000000000000000000009020310061P-2834/0300000000060100353623100107000000000851123704151  000000000018500000000000000000000000000000000000000000000000000000000000000000000000000000000000000000000000000000000                          0000000000                                                                  000123
102071943130001770000009035090165332660100353634393           0000000006010035363100000000000000000000000009020310061P-2834/0200000000060100353631111206000000000851123704151  000000000018500000000000000000000000000000000000000000000000000000000000000000000000000000000000000000000000000000000                          0000000000                                                                  000124
102071943130001770000009035090165332660100353644393           0000000006010035364P00000000000000000000000009020310061P-2834/010000000006010035364P131106000000000851323704151  000000000018500000000000000000000000000000000000000000000000000000000000000000000000000000000000000000000000000000000                          0000000000                                                                  000125
102071943130001770000009035090165332660100353654393           0000000006010035365800000000000000000000000009020310061P-2834/C 00000000060100353658100107000000000810723704151  000000000018500000000000000000000000000000000000000000000000000000000000000000000000000000000000000000000000000000000                          0000000000                                                                  000126
102071943130001770000009035090165332660100353664393           0000000006010035366600000000000000000000000009020310061P-2834/A 00000000060100353666131106000000000810723704151  000000000018500000000000000000000000000000000000000000000000000000000000000000000000000000000000000000000000000000000                          0000000000                                                                  000127
102071943130001770000009035090165332660100353674393           0000000006010035367400000000000000000000000009020310061P-2833/0200000000060100353674111206000000001736023701599  000000000018500000000000000000000000000000000000000000000000000000000000000000000000000000000000000000000000000000000                          0000000000                                                                  000128
102071943130001770000009035090165332660100353684393           0000000006010035368200000000000000000000000009020310061P-2833/0300000000060100353682100107000000001736023701599  000000000018500000000000000000000000000000000000000000000000000000000000000000000000000000000000000000000000000000000                          0000000000                                                                  000129
102071943130001770000009035090165332660100353694393           0000000006010035369000000000000000000000000009020310061P-2833/0100000000060100353690131106000000001736023701599  000000000018500000000000000000000000000000000000000000000000000000000000000000000000000000000000000000000000000000000                          0000000000                                                                  000130
102071943130001770000009035090165332660100353704393           0000000006010035370400000000000000000000000009020310061P-2833/C 00000000060100353704100107000000001653323701599  000000000018500000000000000000000000000000000000000000000000000000000000000000000000000000000000000000000000000000000                          0000000000                                                                  000131
102071943130001770000009035090165332660100353714393           0000000006010035371200000000000000000000000009020310061P-2833/B 00000000060100353712111206000000001653323701599  000000000018500000000000000000000000000000000000000000000000000000000000000000000000000000000000000000000000000000000                          0000000000                                                                  000132
102071943130001770000009035090165332660100353724393           0000000006010035372000000000000000000000000009020310061P-2833/A 00000000060100353720131106000000001653423701599  000000000018500000000000000000000000000000000000000000000000000000000000000000000000000000000000000000000000000000000                          0000000000                                                                  000133
102071943130001770000009035090165332660100353734393           0000000006010035373900000000000000000000000009020310061P-2844/0300000000060100353739100107000000001783223703509  000000000018500000000000000000000000000000000000000000000000000000000000000000000000000000000000000000000000000000000                          0000000000                                                                  000134
102071943130001770000009035090165332660100353744393           0000000006010035374700000000000000000000000009020310061P-2844/0200000000060100353747111206000000001783223703509  000000000018500000000000000000000000000000000000000000000000000000000000000000000000000000000000000000000000000000000                          0000000000                                                                  000135
102071943130001770000009035090165332660100353754393           0000000006010035375500000000000000000000000009020310061P-2844/0100000000060100353755131106000000001783323703509  000000000018500000000000000000000000000000000000000000000000000000000000000000000000000000000000000000000000000000000                          0000000000                                                                  000136
102071943130001770000009035090165332660100353764393           0000000006010035376300000000000000000000000009020310061P-2844/C 00000000060100353763100107000000001698323703509  000000000018500000000000000000000000000000000000000000000000000000000000000000000000000000000000000000000000000000000                          0000000000                                                                  000137
102071943130001770000009035090165332660100353774393           0000000006010035377100000000000000000000000009020310061P-2844/B 00000000060100353771111206000000001698323703509  000000000018500000000000000000000000000000000000000000000000000000000000000000000000000000000000000000000000000000000                          0000000000                                                                  000138
102071943130001770000009035090165332660100353784393           0000000006010035378P00000000000000000000000009020310061P-2861/030000000006010035378P100107000000001548723701606  000000000018500000000000000000000000000000000000000000000000000000000000000000000000000000000000000000000000000000000                          0000000000                                                                  000139
102071943130001770000009035090165332660100353794393           0000000006010035379800000000000000000000000009020310061P-2861/0200000000060100353798111206000000001548723701606  000000000018500000000000000000000000000000000000000000000000000000000000000000000000000000000000000000000000000000000                          0000000000                                                                  000140
102071943130001770000009035090165332660100353804393           0000000006010035380100000000000000000000000009020310061P-2861/0100000000060100353801131106000000001548823701606  000000000018500000000000000000000000000000000000000000000000000000000000000000000000000000000000000000000000000000000                          0000000000                                                                  000141
102071943130001770000009035090165332660100353814393           0000000006010035381P00000000000000000000000009020310061P-2861/C 0000000006010035381P100107000000001475023701606  000000000018500000000000000000000000000000000000000000000000000000000000000000000000000000000000000000000000000000000                          0000000000                                                                  000142
102071943130001770000009035090165332660100353824393           0000000006010035382800000000000000000000000009020310061P-2861/B 00000000060100353828111206000000001475023701606  000000000018500000000000000000000000000000000000000000000000000000000000000000000000000000000000000000000000000000000                          0000000000                                                                  000143
102071943130001770000009035090165332660100353834393           0000000006010035383600000000000000000000000009020310061P-2861/A 00000000060100353836131106000000001475023701606  000000000018500000000000000000000000000000000000000000000000000000000000000000000000000000000000000000000000000000000                          0000000000                                                                  000144
102071943130001770000009035090165332660100353844393           0000000006010035384400000000000000000000000009020310061P-2844/A 00000000060100353844131106000000001698423703509  000000000018500000000000000000000000000000000000000000000000000000000000000000000000000000000000000000000000000000000                          0000000000                                                                  000145
102071943130001770000009035090165332660100353854393           0000000006010035385200000000000000000000000009020310061P-2843/0300000000060100353852271106000000002942623704421  000000000018500000000000000000000000000000000000000000000000000000000000000000000000000000000000000000000000000000000                          0000000000                                                                  000146
102071943130001770000009035090165332660100353864393           0000000006010035386000000000000000000000000009020310061P-2843/0100000000060100353860271006000000002942623704421  000000000018500000000000000000000000000000000000000000000000000000000000000000000000000000000000000000000000000000000                          0000000000                                                                  000147
102071943130001770000009035090165332660100353874393           0000000006010035387900000000000000000000000009020310061P-2843/A 00000000060100353879131106000000005605023704421  000000000018500000000000000000000000000000000000000000000000000000000000000000000000000000000000000000000000000000000                          0000000000                                                                  000148
102071943130001770000009035090165332660100353884393           0000000006010035388700000000000000000000000009020310061P-2842/0300000000060100353887100107000000003594323703509  000000000018500000000000000000000000000000000000000000000000000000000000000000000000000000000000000000000000000000000                          0000000000                                                                  000149
102071943130001770000009035090165332660100353894393           0000000006010035389500000000000000000000000009020310061P-2834/B 00000000060100353895111206000000000810723704151  000000000018500000000000000000000000000000000000000000000000000000000000000000000000000000000000000000000000000000000                          0000000000                                                                  000150
102071943130001770000009035090165332660100353904393           0000000006010035390900000000000000000000000009020310061P-2841/A 00000000060100353909131106000000002418423703509  000000000018500000000000000000000000000000000000000000000000000000000000000000000000000000000000000000000000000000000                          0000000000                                                                  000151
102071943130001770000009035090165332660100353914393           0000000006010035391700000000000000000000000009020310061P-2832/0400000000060100353917090207000000002471423704151  000000000018500000000000000000000000000000000000000000000000000000000000000000000000000000000000000000000000000000000                          0000000000                                                                  000152
102071943130001770000009035090165332660100353924393           0000000006010035392500000000000000000000000009020310061P-2866/0300000000060100353925100107000000001018623704151  000000000018500000000000000000000000000000000000000000000000000000000000000000000000000000000000000000000000000000000                          0000000000                                                                  000153
102071943130001770000009035090165332660100353934393           0000000006010035393300000000000000000000000009020310061P-2866/0200000000060100353933111206000000001018623704151  000000000018500000000000000000000000000000000000000000000000000000000000000000000000000000000000000000000000000000000                          0000000000                                                                  000154
102071943130001770000009035090165332660100353944393           0000000006010035394100000000000000000000000009020310061P-2866/0100000000060100353941131106000000001018823704151  000000000018500000000000000000000000000000000000000000000000000000000000000000000000000000000000000000000000000000000                          0000000000                                                                  000155
102071943130001770000009035090165332660100353954393           0000000006010035395P00000000000000000000000009020310061P-2866/C 0000000006010035395P100107000000000969823704151  000000000018500000000000000000000000000000000000000000000000000000000000000000000000000000000000000000000000000000000                          0000000000                                                                  000156
102071943130001770000009035090165332660100353964393           0000000006010035396800000000000000000000000009020310061P-2866/B 00000000060100353968111206000000000969823704151  000000000018500000000000000000000000000000000000000000000000000000000000000000000000000000000000000000000000000000000                          0000000000                                                                  000157
102071943130001770000009035090165332660100353974393           0000000006010035397600000000000000000000000009020310061P-2866/A 00000000060100353976131106000000000970023704151  000000000018500000000000000000000000000000000000000000000000000000000000000000000000000000000000000000000000000000000                          0000000000                                                                  000158
102071943130001770000009035090165332660100353984393           0000000006010035398400000000000000000000000009020310061P-2860/0300000000060100353984100107000000000845223703509  000000000018500000000000000000000000000000000000000000000000000000000000000000000000000000000000000000000000000000000                          0000000000                                                                  000159
102071943130001770000009035090165332660100353994393           0000000006010035399200000000000000000000000009020310061P-2860/0200000000060100353992111206000000000845223703509  000000000018500000000000000000000000000000000000000000000000000000000000000000000000000000000000000000000000000000000                          0000000000                                                                  000160
102071943130001770000009035090165332660100354004393           0000000006010035400P00000000000000000000000009020310061P-2860/010000000006010035400P131106000000000845423703509  000000000018500000000000000000000000000000000000000000000000000000000000000000000000000000000000000000000000000000000                          0000000000                                                                  000161
102071943130001770000009035090165332660100354014393           0000000006010035401800000000000000000000000009020310061P-2860/C 00000000060100354018100107000000000805023703509  000000000018500000000000000000000000000000000000000000000000000000000000000000000000000000000000000000000000000000000                          0000000000                                                                  000162
102071943130001770000009035090165332660100354024393           0000000006010035402600000000000000000000000009020310061P-2860/B 00000000060100354026111206000000000805023703509  000000000018500000000000000000000000000000000000000000000000000000000000000000000000000000000000000000000000000000000                          0000000000                                                                  000163
102071943130001770000009035090165332660100354034393           0000000006010035403400000000000000000000000009020310061P-2860/A 00000000060100354034131106000000000805023703509  000000000018500000000000000000000000000000000000000000000000000000000000000000000000000000000000000000000000000000000                          0000000000                                                                  000164
102071943130001770000009035090165332660100354044393           0000000006010035404200000000000000000000000009020310061P-2859/0400000000060100354042090207000000001337323703613  000000000018500000000000000000000000000000000000000000000000000000000000000000000000000000000000000000000000000000000                          0000000000                                                                  000165
102071943130001770000009035090165332660100354054393           0000000006010035405000000000000000000000000009020310061P-2859/0300000000060100354050100107000000001337323703613  000000000018500000000000000000000000000000000000000000000000000000000000000000000000000000000000000000000000000000000                          0000000000                                                                  000166
102071943130001770000009035090165332660100354064393           0000000006010035406900000000000000000000000009020310061P-2859/0200000000060100354069111206000000001337323703613  000000000018500000000000000000000000000000000000000000000000000000000000000000000000000000000000000000000000000000000                          0000000000                                                                  000167
102071943130001770000009035090165332660100354074393           0000000006010035407700000000000000000000000009020310061P-2859/0100000000060100354077131106000000001337623703613  000000000018500000000000000000000000000000000000000000000000000000000000000000000000000000000000000000000000000000000                          0000000000                                                                  000168
102071943130001770000009035090165332660100354084393           0000000006010035408500000000000000000000000009020310061P-2859/D 00000000060100354085090207000000001273723703613  000000000018500000000000000000000000000000000000000000000000000000000000000000000000000000000000000000000000000000000                          0000000000                                                                  000169
102071943130001770000009035090165332660100354094393           0000000006010035409300000000000000000000000009020310061P-2859/C 00000000060100354093100107000000001273723703613  000000000018500000000000000000000000000000000000000000000000000000000000000000000000000000000000000000000000000000000                          0000000000                                                                  000170
102071943130001770000009035090165332660100354104393           0000000006010035410700000000000000000000000009020310061P-2859/B 00000000060100354107111206000000001273723703613  000000000018500000000000000000000000000000000000000000000000000000000000000000000000000000000000000000000000000000000                          0000000000                                                                  000171
102071943130001770000009035090165332660100354114393           0000000006010035411500000000000000000000000009020310061P-2859/A 00000000060100354115131106000000001273923703613  000000000018500000000000000000000000000000000000000000000000000000000000000000000000000000000000000000000000000000000                          0000000000                                                                  000172
102071943130001770000009035090165332660100354124393           0000000006010035412300000000000000000000000009020310061P-2858/0400000000060100354123090207000000001328223703106  000000000018500000000000000000000000000000000000000000000000000000000000000000000000000000000000000000000000000000000                          0000000000                                                                  000173
102071943130001770000009035090165332660100354134393           0000000006010035413100000000000000000000000009020310061P-2858/0300000000060100354131100107000000001328223703106  000000000018500000000000000000000000000000000000000000000000000000000000000000000000000000000000000000000000000000000                          0000000000                                                                  000174
102071943130001770000009035090165332660100354144393           0000000006010035414P00000000000000000000000009020310061P-2858/020000000006010035414P111206000000001328223703106  000000000018500000000000000000000000000000000000000000000000000000000000000000000000000000000000000000000000000000000                          0000000000                                                                  000175
102071943130001770000009035090165332660100354154393           0000000006010035415800000000000000000000000009020310061401      00000000060100354158251006000000005900023700052  000000000018500000000000000000000000000000000000000000000000000000000000000000000000000000000000000000000000000000000                          0000000000                                                                  000176
102071943130001770000009035090165332660100354164393           0000000006010035416600000000000000000000000009020310061P-2858/0100000000060100354166131106000000001328223703106  000000000018500000000000000000000000000000000000000000000000000000000000000000000000000000000000000000000000000000000                          0000000000                                                                  000177
102071943130001770000009035090165332660100354174393           0000000006010035417400000000000000000000000009020310061P-2858/D 00000000060100354174090207000000001265023703106  000000000018500000000000000000000000000000000000000000000000000000000000000000000000000000000000000000000000000000000                          0000000000                                                                  000178
102071943130001770000009035090165332660100354184393           0000000006010035418200000000000000000000000009020310061P-2858/C 00000000060100354182100107000000001265023703106  000000000018500000000000000000000000000000000000000000000000000000000000000000000000000000000000000000000000000000000                          0000000000                                                                  000179
102071943130001770000009035090165332660100354194393           0000000006010035419000000000000000000000000009020310061393/01   00000000060100354190101106000000000750023700052  000000000018500000000000000000000000000000000000000000000000000000000000000000000000000000000000000000000000000000000                          0000000000                                                                  000180
102071943130001770000009035090165332660100354204393           0000000006010035420400000000000000000000000009020310061P-2858/B 00000000060100354204111206000000001265023703106  000000000018500000000000000000000000000000000000000000000000000000000000000000000000000000000000000000000000000000000                          0000000000                                                                  000181
102071943130001770000009035090165332660100354214393           0000000006010035421200000000000000000000000009020310061P-2858/A 00000000060100354212131106000000001265023703106  000000000018500000000000000000000000000000000000000000000000000000000000000000000000000000000000000000000000000000000                          0000000000                                                                  000182
102071943130001770000009035090165332660100354224393           0000000006010035422000000000000000000000000009020310061393/02   00000000060100354220111206000000000750023700052  000000000018500000000000000000000000000000000000000000000000000000000000000000000000000000000000000000000000000000000                          0000000000                                                                  000183
102071943130001770000009035090165332660100354234393           0000000006010035423900000000000000000000000009020310061P-2856/0200000000060100354239061206000000001018523703106  000000000018500000000000000000000000000000000000000000000000000000000000000000000000000000000000000000000000000000000                          0000000000                                                                  000184
102071943130001770000009035090165332660100354244393           0000000006010035424700000000000000000000000009020310061396/01   00000000060100354247091106000000000620023700052  000000000018500000000000000000000000000000000000000000000000000000000000000000000000000000000000000000000000000000000                          0000000000                                                                  000185
102071943130001770000009035090165332660100354254393           0000000006010035425500000000000000000000000009020310061396/02   00000000060100354255111206000000000620023700052  000000000018500000000000000000000000000000000000000000000000000000000000000000000000000000000000000000000000000000000                          0000000000                                                                  000186
102071943130001770000009035090165332660100354264393           0000000006010035426300000000000000000000000009020310061P-2856/0100000000060100354263061106000000001018523703106  000000000018500000000000000000000000000000000000000000000000000000000000000000000000000000000000000000000000000000000                          0000000000                                                                  000187
102071943130001770000009035090165332660100354274393           0000000006010035427100000000000000000000000009020310061387/01   00000000060100354271231006000000002625023700052  000000000018500000000000000000000000000000000000000000000000000000000000000000000000000000000000000000000000000000000                          0000000000                                                                  000188
102071943130001770000009035090165332660100354284393           0000000006010035428P00000000000000000000000009020310061P-2856/B 0000000006010035428P061206000000000970023701472  000000000018500000000000000000000000000000000000000000000000000000000000000000000000000000000000000000000000000000000                          0000000000                                                                  000189
102071943130001770000009035090165332660100354294393           0000000006010035429800000000000000000000000009020310061P-2856/A 00000000060100354298061106000000000970023701472  000000000018500000000000000000000000000000000000000000000000000000000000000000000000000000000000000000000000000000000                          0000000000                                                                  000190
102071943130001770000009035090165332660100354304393           0000000006010035430100000000000000000000000009020310061387/02   00000000060100354301231106000000002625023700052  000000000018500000000000000000000000000000000000000000000000000000000000000000000000000000000000000000000000000000000                          0000000000                                                                  000191
102071943130001770000009035090165332660100354314393           0000000006010035431P00000000000000000000000009020310061387/03   0000000006010035431P261206000000002625023700052  000000000018500000000000000000000000000000000000000000000000000000000000000000000000000000000000000000000000000000000                          0000000000                                                                  000192
102071943130001770000009035090165332660100354324393           0000000006010035432800000000000000000000000009020310061387/04   00000000060100354328230107000000002625023700052  000000000018500000000000000000000000000000000000000000000000000000000000000000000000000000000000000000000000000000000                          0000000000                                                                  000193
102071943130001770000009035090165332660100354334393           0000000006010035433600000000000000000000000009020310061P-2855/0300000000060100354336020107000000001585523700380  000000000018500000000000000000000000000000000000000000000000000000000000000000000000000000000000000000000000000000000                          0000000000                                                                  000194
102071943130001770000009035090165332660100354344393           0000000006010035434400000000000000000000000009020310061P-2855/0200000000060100354344011206000000001585523700380  000000000018500000000000000000000000000000000000000000000000000000000000000000000000000000000000000000000000000000000                          0000000000                                                                  000195
102071943130001770000009035090165332660100354354393           0000000006010035435200000000000000000000000009020310061P-2855/0100000000060100354352011106000000001585723700380  000000000018500000000000000000000000000000000000000000000000000000000000000000000000000000000000000000000000000000000                          0000000000                                                                  000196
102071943130001770000009035090165332660100354364393           0000000006010035436000000000000000000000000009020310061P-2855/C 00000000060100354360020107000000001510023700380  000000000018500000000000000000000000000000000000000000000000000000000000000000000000000000000000000000000000000000000                          0000000000                                                                  000197
102071943130001770000009035090165332660100354374393           0000000006010035437900000000000000000000000009020310061P-2855/B 00000000060100354379011206000000001510023700380  000000000018500000000000000000000000000000000000000000000000000000000000000000000000000000000000000000000000000000000                          0000000000                                                                  000198
102071943130001770000009035090165332660100354384393           0000000006010035438700000000000000000000000009020310061P-2855/A 00000000060100354387011106000000001510023700380  000000000018500000000000000000000000000000000000000000000000000000000000000000000000000000000000000000000000000000000                          0000000000                                                                  000199
102071943130001770000009035090165332660100354394393           0000000006010035439500000000000000000000000009020310061P-2853/0400000000060100354395130207000000004794623703164  000000000018500000000000000000000000000000000000000000000000000000000000000000000000000000000000000000000000000000000                          0000000000                                                                  000200
102071943130001770000009035090165332660100354404393           0000000006010035440900000000000000000000000009020310061P-2853/0300000000060100354409130107000000004794623703164  000000000018500000000000000000000000000000000000000000000000000000000000000000000000000000000000000000000000000000000                          0000000000                                                                  000201
102071943130001770000009035090165332660100354414393           0000000006010035441700000000000000000000000009020310061P-2853/0200000000060100354417131207000000004794623703164  000000000018500000000000000000000000000000000000000000000000000000000000000000000000000000000000000000000000000000000                          0000000000                                                                  000202
102071943130001770000009035090165332660100354424393           0000000006010035442500000000000000000000000009020310061P-2853/0100000000060100354425131106000000004794723703164  000000000018500000000000000000000000000000000000000000000000000000000000000000000000000000000000000000000000000000000                          0000000000                                                                  000203
102071943130001770000009035090165332660100354434393           0000000006010035443300000000000000000000000009020310061P-2853/E 00000000060100354433130307000000004794623703164  000000000018500000000000000000000000000000000000000000000000000000000000000000000000000000000000000000000000000000000                          0000000000                                                                  000204
102071943130001770000009035090165332660100354444393           0000000006010035444100000000000000000000000009020310061P-2853/D 00000000060100354441130207000000004794623703164  000000000018500000000000000000000000000000000000000000000000000000000000000000000000000000000000000000000000000000000                          0000000000                                                                  000205
102071943130001770000009035090165332660100354454393           0000000006010035445P00000000000000000000000009020310061P-2853/C 0000000006010035445P130107000000004794623703164  000000000018500000000000000000000000000000000000000000000000000000000000000000000000000000000000000000000000000000000                          0000000000                                                                  000206
102071943130001770000009035090165332660100354464393           0000000006010035446800000000000000000000000009020310061P-2853/B 00000000060100354468131206000000004794623703164  000000000018500000000000000000000000000000000000000000000000000000000000000000000000000000000000000000000000000000000                          0000000000                                                                  000207
102071943130001770000009035090165332660100354474393           0000000006010035447600000000000000000000000009020310061P-2853/A 00000000060100354476131106000000004794823703164  000000000018500000000000000000000000000000000000000000000000000000000000000000000000000000000000000000000000000000000                          0000000000                                                                  000208
102071943130001770000009035090165332660100354484393           0000000006010035448400000000000000000000000009020310061P-2852/A 00000000060100354484111206000000002170023703212  000000000018500000000000000000000000000000000000000000000000000000000000000000000000000000000000000000000000000000000                          0000000000                                                                  000209
102071943130001770000009035090165332660100354494393           0000000006010035449200000000000000000000000009020310061P-2852/0100000000060100354492111206000000002278523703212  000000000018500000000000000000000000000000000000000000000000000000000000000000000000000000000000000000000000000000000                          0000000000                                                                  000210
102071943130001770000009035090165332660100354504393           000000000601003545060000000000000000000000000902031006P-2853/05 00000000060100354506130307000000005992923703164  000000000018500000000000000000000000000000000000000000000000000000000000000000000000000000000000000000000000000000000                          0000000000                                                                  000211
10207194313000177000000903509016533264393000014006000247      0000000006000097250400000000000000000000000009060310061P-1513/0500000000060000972504210906000000009732923701081  000000000000000000000000000000000000000000000000000000000000000000000000000000000000010277900000000054500000000000000   041006             00000000000000                                                                  000212
10207194313000177000000903509016533264393000014006000252      0000000006000097255500000000000000000000000009060310061P-1513/E 00000000060000972555210906000000009269823701081  000000000000000000000000000000000000000000000000000000000000000000000000000000000000009788700000000051890000000000000   041006             00000000000000                                                                  000213
10207194313000177000000903509016533264393000002006000204      0000000006000149531900000000000000000000000009060310064345      00000000060001495319021006000000001000023700052  000000000000000000000000000000000000000000000000000000000000000000000000000000000000001023000000000002300000000000000   041006             00000000000000                                                                  000214
10207194313000177000000903509016533264393000014006001110      0000000006000158281500000000000000000000000009060310061P-1972/0300000000060001582815101006000000000762735600750  000000000000000000000000000000000000000000000000000000000000000000000000000000000000000762700000000000000000000000000   041006             00000000000000                                                                  000215
10207194313000177000000903509016533264393000014006001111      0000000006000158282300000000000000000000000009060310061P-1972/C 00000000060001582823101006000000000726435600750  000000000000000000000000000000000000000000000000000000000000000000000000000000000000000726400000000000000000000000000   041006             00000000000000                                                                  000216
10207194313000177000000903509016533264393000002606000026      0000000006000166698900000000000000000000000009062909063067-1/1  00000000060001666989250906000000061186123700052  000000000000000000000000000000000000000000000000000000000000000000000000000000000000063144200000000195810000000000000   041006             00001500000000                                                                  000217
10207194313000177000000903509016533264393000014006001268      0000000006000170237300000000000000000000000009060310061P-2089/0200000000060001702373250906000000003471523702007  000000000000000000000000000000000000000000000000000000000000000000000000000000000000003624100000000015260000000000000   041006             00000000000000                                                                  000218
10207194313000177000000903509016533264393000014006001271      0000000006000170240300000000000000000000000009060310061P-2089/B 00000000060001702403250906000000003306223702007  000000000000000000000000000000000000000000000000000000000000000000000000000000000000003451500000000014530000000000000   041006             00000000000000                                                                  000219
10207194313000177000000903509016533264393000014006001448      0000000006000170924600000000000000000000000009060310061P-2123/0200000000060001709246250906000000001874223702007  000000000000000000000000000000000000000000000000000000000000000000000000000000000000001956400000000008220000000000000   041006             00000000000000                                                                  000220
10207194313000177000000903509016533264393000014006001451      0000000006000170927000000000000000000000000009060310061P-2123/B 00000000060001709270250906000000001785023702007  000000000000000000000000000000000000000000000000000000000000000000000000000000000000001863900000000007890000000000000   041006             00000000000000                                                                  000221
10207194313000177000000903509016533264393000003506000257      000000000600017133670000000000000000000000000906031006126.1273-B00000000060001713367031006000000008100000103289  000000000000000000000000000000000000000000000000000000000000000000000000000000000000008100000000000000000000000000000   041006             00000000000000                                                                  000222
102071943130001770000009035090165332660100103754393           0000000006010010375900000000000000000000000009060310061P-2221/B 00000000060100103759061006000000002590023702196  000000000000000000000000000000000000000000000000000000000000000000000000000000000000002590000000000000000000000000000   041006             00000000000000                                                                  000223
102071943130001770000009035090165332660100103764393           0000000006010010376700000000000000000000000009060310061P-2221/0200000000060100103767061006000000002719423702196  000000000000000000000000000000000000000000000000000000000000000000000000000000000000002719400000000000000000000000000   041006             00000000000000                                                                  000224
102071943130001770000009035090165332660100117054393           0000000006010011705900000000000000000000000009060310061P-2203/0200000000060100117059031006000000003097523700765  000000000000000000000000000000000000000000000000000000000000000000000000000000000000003097500000000000000000000000000   041006             00000000000000                                                                  000225
102071943130001770000009035090165332660100117074393           0000000006010011707500000000000000000000000009060310061P-2202/0200000000060100117075031006000000001771823701593  000000000000000000000000000000000000000000000000000000000000000000000000000000000000001771800000000000000000000000000   041006             00000000000000                                                                  000226
102071943130001770000009035090165332660100125014393           000000000601001250190000000000000000000000000906031006004949/06B00000000060100125019031006000000024288023703552  000000000000000000000000000000000000000000000000000000000000000000000000000000000000024288000000000000000000000000000   041006             00000000000000                                                                  000227
102071943130001770000009035090165332660100125784393           0000000006010012578700000000000000000000000009060310061P-2187/B 00000000060100125787031006000000003073200104376  000000000000000000000000000000000000000000000000000000000000000000000000000000000000003073200000000000000000000000000   041006             00000000000000                                                                  000228
102071943130001770000009035090165332660100135924393           0000000006010013592800000000000000000000000009060310061P-2187/0200000000060100135928031006000000003227000104376  000000000000000000000000000000000000000000000000000000000000000000000000000000000000003227000000000000000000000000000   041006             00000000000000                                                                  000229
102071943130001770000009035090165332660100143464393           0000000006010014346700000000000000000000000009060310061-15029/0200000000060100143467280906000000011030023701786  000000000000000000000000000000000000000000000000000000000000000000000000000000000000011415600000000038560000000000000   041006             00000000000000                                                                  000230
10207194313000177000000903509016533264393000014006000389      0000000006000130114P00000000000000000000000009100310061P-1517/030000000006000130114P030806000000005253223700000  000000000000000000000000000000000000000000000000000000000000000000000000000000000000000000000000000000000000000000000                          1600000000                                                                  000231
102071943130001770000009035090165332660100136874393           000000000601001368780000000000000000000000000916031006G20-21/25L00000000060100136878250906000000009493123700000  000000000000000000000000000000000000000000000000000000000000000000000000000000000000000000000000000000000000000000000   000000             00000000000000                                                                  000232
10207194313000177000000903509016533264393000000806000054      0000000006000151775400000000000000000000000009200310063/4       00000000060001517754250906000000002467023703509  000000000000000000000000000000000000000000000000000000000000000000000000000000000000000000000000000000000000000000000                          0000000000                                                                  000233
10207194313000177000000903509016533264393000000806000054      0000000006000151775400000000000000000000000009280210063/4       00000000060001517754250906000000002467023700000  000000000030000000000000000000000000000000000000000000000000000000000000000000000000000000000000000000000000000000000                          0400000000                                                                  000234
10207194313000177000000903509016533264393000002006000218      000000000600016668570000000000000000000000000928031006158,5     00000000060001666857220906000000001585023700000  000000000000000000000011000000000000000000000000000000000000000000000000000000000000000000000000000000000000000000000                          0800000000                                                                  000235
102071943130001770000009035090165332660100094794393           0000000006010009479200000000000000000000000009280210063568/06AA 00000000060100094792150906000000001570023700000  000000000030000000000000000000000000000000000000000000000000000000000000000000000000000000000000000000000000000000000                          4900000000                                                                  000236
10207194313000177000000903509016533264393000003306000179      0000000006000107706100000000000000000000000009320310061840/06DD 00000000060001077061270906000000011500023700069  000000000000000000000000000000000000000000000000000000000000000000000000000000000000000000000000000000000000000000000                          5300000000                                                                  000237
10207194313000177000000903509016533264393000014906000090      000000000600012009390000000000000000000000000932031006400 C     00000000060001200939240806000000002733423700052  000000000000000000000000000000000000000000000000000000000000000000000000000000000000000000000000000000000000000000000                          5300000000                                                                  000238
10207194313000177000000903509016533264393000011906000163355PCE0000000006000163355P00000000000000000000000009320310064624      0000000006000163355P200806000000002240023700069  000000000000000000000000000000000000000000000000000000000000000000000000000000000000000000000000000000000000000000000                          4800000000                                                                  000239
9201237          000020580000012018948300000266          00210000005991844000001569013000190000015301170000100000005253200000000000000000000000000000000000000000000000000000000000000000000                                                                                                                                                                              00000000000000000000000         000240
